%YAML 1.1
%TAG !u! tag:unity3d.com,2011:
--- !u!1 &100000
GameObject:
  m_ObjectHideFlags: 0
  m_PrefabParentObject: {fileID: 0}
  m_PrefabInternal: {fileID: 100100000}
  serializedVersion: 4
  m_Component:
  - 4: {fileID: 400000}
  - 108: {fileID: 10800000}
  m_Layer: 0
  m_Name: DirectLight
  m_TagString: Untagged
  m_Icon: {fileID: 0}
  m_NavMeshLayer: 0
  m_StaticEditorFlags: 0
  m_IsActive: 1
--- !u!1 &100002
GameObject:
  m_ObjectHideFlags: 0
  m_PrefabParentObject: {fileID: 0}
  m_PrefabInternal: {fileID: 100100000}
  serializedVersion: 4
  m_Component:
  - 4: {fileID: 400002}
  - 108: {fileID: 10800002}
  m_Layer: 0
  m_Name: AmbientLight
  m_TagString: Untagged
  m_Icon: {fileID: 0}
  m_NavMeshLayer: 0
  m_StaticEditorFlags: 0
  m_IsActive: 1
--- !u!1 &100006
GameObject:
  m_ObjectHideFlags: 0
  m_PrefabParentObject: {fileID: 0}
  m_PrefabInternal: {fileID: 100100000}
  serializedVersion: 4
  m_Component:
  - 4: {fileID: 400006}
  - 114: {fileID: 11400004}
  m_Layer: 0
  m_Name: DayCycle
  m_TagString: Untagged
  m_Icon: {fileID: 0}
  m_NavMeshLayer: 0
  m_StaticEditorFlags: 0
  m_IsActive: 1
--- !u!4 &400000
Transform:
  m_ObjectHideFlags: 1
  m_PrefabParentObject: {fileID: 0}
  m_PrefabInternal: {fileID: 100100000}
  m_GameObject: {fileID: 100000}
  m_LocalRotation: {x: .00880202185, y: .00864972267, z: .00864972267, w: .999886453}
  m_LocalPosition: {x: 0, y: 0, z: 0}
  m_LocalScale: {x: 1, y: 1, z: 1}
  m_Children: []
  m_Father: {fileID: 400006}
--- !u!4 &400002
Transform:
  m_ObjectHideFlags: 1
  m_PrefabParentObject: {fileID: 0}
  m_PrefabInternal: {fileID: 100100000}
  m_GameObject: {fileID: 100002}
  m_LocalRotation: {x: 0, y: 0, z: 0, w: 1}
  m_LocalPosition: {x: 0, y: 0, z: 0}
  m_LocalScale: {x: 1, y: 1, z: 1}
  m_Children: []
  m_Father: {fileID: 400006}
--- !u!4 &400006
Transform:
  m_ObjectHideFlags: 1
  m_PrefabParentObject: {fileID: 0}
  m_PrefabInternal: {fileID: 100100000}
  m_GameObject: {fileID: 100006}
  m_LocalRotation: {x: 0, y: 0, z: 0, w: 1}
  m_LocalPosition: {x: 0, y: 0, z: 0}
  m_LocalScale: {x: 1, y: 1, z: 1}
  m_Children:
  - {fileID: 400002}
  - {fileID: 400000}
  m_Father: {fileID: 0}
--- !u!108 &10800000
Light:
  m_ObjectHideFlags: 1
  m_PrefabParentObject: {fileID: 0}
  m_PrefabInternal: {fileID: 100100000}
  m_GameObject: {fileID: 100000}
  m_Enabled: 1
  serializedVersion: 3
  m_Type: 1
  m_Color: {r: 0, g: .228728846, b: .453600615, a: 1}
  m_Intensity: .200000003
  m_Range: 10
  m_SpotAngle: 30
  m_CookieSize: 10
  m_Shadows:
    m_Type: 1
    m_Resolution: -1
    m_Strength: 1
    m_Bias: .5
    m_Softness: 4
    m_SoftnessFade: 1
  m_Cookie: {fileID: 0}
  m_DrawHalo: 0
  m_ActuallyLightmapped: 0
  m_Flare: {fileID: 0}
  m_RenderMode: 0
  m_CullingMask:
    serializedVersion: 2
    m_Bits: 4294967295
  m_Lightmapping: 1
  m_ShadowSamples: 1
  m_ShadowRadius: 0
  m_ShadowAngle: 0
  m_IndirectIntensity: 1
  m_AreaSize: {x: 1, y: 1}
--- !u!108 &10800002
Light:
  m_ObjectHideFlags: 1
  m_PrefabParentObject: {fileID: 0}
  m_PrefabInternal: {fileID: 100100000}
  m_GameObject: {fileID: 100002}
  m_Enabled: 1
  serializedVersion: 3
  m_Type: 1
  m_Color: {r: 0, g: .228728846, b: .453600615, a: 1}
  m_Intensity: .200000003
  m_Range: 10
  m_SpotAngle: 30
  m_CookieSize: 10
  m_Shadows:
    m_Type: 0
    m_Resolution: -1
    m_Strength: 1
    m_Bias: .5
    m_Softness: 4
    m_SoftnessFade: 1
  m_Cookie: {fileID: 0}
  m_DrawHalo: 0
  m_ActuallyLightmapped: 0
  m_Flare: {fileID: 0}
  m_RenderMode: 0
  m_CullingMask:
    serializedVersion: 2
    m_Bits: 4294967295
  m_Lightmapping: 1
  m_ShadowSamples: 1
  m_ShadowRadius: 0
  m_ShadowAngle: 0
  m_IndirectIntensity: 1
  m_AreaSize: {x: 1, y: 1}
--- !u!114 &11400004
MonoBehaviour:
  m_ObjectHideFlags: 1
  m_PrefabParentObject: {fileID: 0}
  m_PrefabInternal: {fileID: 100100000}
  m_GameObject: {fileID: 100006}
  m_Enabled: 1
  m_EditorHideFlags: 0
  m_Script: {fileID: 11500000, guid: 28260fc8292544d5fa8114d79cfed8d6, type: 3}
  m_Name: 
  cycles:
  - name: morning
    duration: 100
    directColor: {r: 1, g: .497953057, b: .389664173, a: 1}
    directIntensity: 1
    ambientColor: {r: .865671635, g: .800181329, b: .736466944, a: 1}
    fogColor: {r: 0, g: 0, b: 0, a: 1}
    auroraColor: {r: .233137548, g: .376647681, b: .517737567, a: .310000002}
  - name: blank morning
    duration: 100
    directColor: {r: .873134315, g: .77069068, b: .671140552, a: 1}
    directIntensity: .699999988
    ambientColor: {r: .820895553, g: .705099523, b: .545221686, a: 1}
    fogColor: {r: 0, g: 0, b: 0, a: 1}
    auroraColor: {r: .125944301, g: .299411356, b: .41551739, a: .310000002}
  - name: noon
    duration: 100
    directColor: {r: .828358173, g: .81625402, b: .704722643, a: 1}
    directIntensity: .899999976
    ambientColor: {r: .783582091, g: .730995655, b: .666629553, a: 1}
    fogColor: {r: 0, g: 0, b: 0, a: 1}
    auroraColor: {r: 0, g: .310006469, b: .520547628, a: .310000002}
  - name: blank noon
    duration: 100
    directColor: {r: .791044772, g: .638659179, b: .590331912, a: 1}
    directIntensity: .430000007
    ambientColor: {r: .813432813, g: .697083592, b: .67381376, a: 1}
    fogColor: {r: 0, g: 0, b: 0, a: 1}
    auroraColor: {r: 0, g: .312729239, b: .451430976, a: .310000002}
  - name: twilight
    duration: 100
    directColor: {r: .910447776, g: .255652368, b: .203831583, a: 1}
    directIntensity: .349999994
    ambientColor: {r: .250980407, g: .250980407, b: .250980407, a: 1}
    fogColor: {r: 0, g: 0, b: 0, a: 1}
    auroraColor: {r: .10353414, g: .12448781, b: .213588178, a: .310000002}
  - name: night
    duration: 100
    directColor: {r: 0, g: .16370903, b: .324657202, a: 1}
    directIntensity: .300000012
    ambientColor: {r: .173535302, g: .23279129, b: .283582091, a: .749019623}
    fogColor: {r: 0, g: 0, b: 0, a: 1}
    auroraColor: {r: .0843883008, g: .155075878, b: .251733899, a: .310000002}
  - name: blank night
    duration: 100
    directColor: {r: 0, g: .286445558, b: .568060398, a: 1}
    directIntensity: .300000012
    ambientColor: {r: .16635108, g: .195410848, b: .216417909, a: 1}
    fogColor: {r: 0, g: 0, b: 0, a: 1}
    auroraColor: {r: .0868997574, g: .155413434, b: .230030298, a: .310000002}
  globalTime: 0
  directLight: {fileID: 10800000}
  aurora: {fileID: 0}
  timeScale: .200000003
  directColor: {r: 0, g: 0, b: 0, a: 0}
  directIntensity: 0
  ambientColor: {r: 0, g: 0, b: 0, a: 0}
  fogColor: {r: 0, g: 0, b: 0, a: 0}
  auroraColor: {r: 0, g: 0, b: 0, a: 0}
  status: 
--- !u!1001 &100100000
Prefab:
  m_ObjectHideFlags: 1
  serializedVersion: 2
  m_Modification:
    m_TransformParent: {fileID: 0}
    m_Modifications: []
    m_RemovedComponents: []
  m_ParentPrefab: {fileID: 0}
  m_RootGameObject: {fileID: 100006}
  m_IsPrefabParent: 1
  m_IsExploded: 1
