%YAML 1.1
%TAG !u! tag:unity3d.com,2011:
--- !u!29 &1
SceneSettings:
  m_ObjectHideFlags: 0
  m_PVSData: 
  m_QueryMode: 1
  m_PVSObjectsArray: []
  m_PVSPortalsArray: []
  m_OcclusionBakeSettings:
    viewCellSize: 1
    bakeMode: 2
    memoryUsage: 10485760
--- !u!104 &2
RenderSettings:
  m_Fog: 1
  m_FogColor: {r: 0, g: 0, b: 0, a: 1}
  m_FogMode: 1
  m_FogDensity: .000500000024
  m_LinearFogStart: 100
  m_LinearFogEnd: 500
  m_AmbientLight: {r: 0, g: 0, b: 0, a: 1}
  m_SkyboxMaterial: {fileID: 0}
  m_HaloStrength: .5
  m_FlareStrength: 1
  m_HaloTexture: {fileID: 0}
  m_SpotCookie: {fileID: 0}
  m_ObjectHideFlags: 0
--- !u!127 &3
GameManager:
  m_ObjectHideFlags: 0
--- !u!157 &4
LightmapSettings:
  m_ObjectHideFlags: 0
  m_LightProbes: {fileID: 0}
  m_Lightmaps: []
  m_LightmapsMode: 1
  m_BakedColorSpace: 0
  m_UseDualLightmapsInForward: 0
  m_LightmapEditorSettings:
    m_Resolution: 50
    m_LastUsedResolution: 0
    m_TextureWidth: 1024
    m_TextureHeight: 1024
    m_BounceBoost: 1
    m_BounceIntensity: 1
    m_SkyLightColor: {r: .860000014, g: .930000007, b: 1, a: 1}
    m_SkyLightIntensity: 0
    m_Quality: 0
    m_Bounces: 1
    m_FinalGatherRays: 1000
    m_FinalGatherContrastThreshold: .0500000007
    m_FinalGatherGradientThreshold: 0
    m_FinalGatherInterpolationPoints: 15
    m_AOAmount: 0
    m_AOMaxDistance: .100000001
    m_AOContrast: 1
    m_LODSurfaceMappingDistance: 1
    m_Padding: 0
    m_TextureCompression: 0
    m_LockAtlas: 0
--- !u!196 &5
NavMeshSettings:
  m_ObjectHideFlags: 0
  m_BuildSettings:
    agentRadius: .5
    agentHeight: 2
    agentSlope: 45
    agentClimb: .400000006
    ledgeDropHeight: 0
    maxJumpAcrossDistance: 0
    accuratePlacement: 0
    minRegionArea: 2
    widthInaccuracy: 16.666666
    heightInaccuracy: 10
  m_NavMesh: {fileID: 0}
--- !u!1 &117871415
GameObject:
  m_ObjectHideFlags: 0
  m_PrefabParentObject: {fileID: 100042, guid: 35957c42b06f5464dad63783019724fa, type: 2}
  m_PrefabInternal: {fileID: 0}
  serializedVersion: 4
  m_Component:
  - 4: {fileID: 117871416}
  m_Layer: 17
  m_Name: LoadScreen
  m_TagString: Untagged
  m_Icon: {fileID: 0}
  m_NavMeshLayer: 0
  m_StaticEditorFlags: 0
  m_IsActive: 1
--- !u!4 &117871416
Transform:
  m_ObjectHideFlags: 0
  m_PrefabParentObject: {fileID: 400042, guid: 35957c42b06f5464dad63783019724fa, type: 2}
  m_PrefabInternal: {fileID: 0}
  m_GameObject: {fileID: 117871415}
  m_LocalRotation: {x: -1.08033404e-07, y: .707106769, z: -.707106888, w: -1.45286307e-07}
  m_LocalPosition: {x: .352020264, y: 8.31484795e-05, z: 2.99997663}
  m_LocalScale: {x: 15, y: 1, z: 15}
  m_Children:
  - {fileID: 1630004980}
  - {fileID: 1430760920}
  m_Father: {fileID: 1044915035}
--- !u!1 &1044915034
GameObject:
  m_ObjectHideFlags: 0
  m_PrefabParentObject: {fileID: 100044, guid: 35957c42b06f5464dad63783019724fa, type: 2}
  m_PrefabInternal: {fileID: 0}
  serializedVersion: 4
  m_Component:
  - 4: {fileID: 1044915035}
  - 20: {fileID: 1044915036}
  - 114: {fileID: 1044915037}
  m_Layer: 17
  m_Name: Camera
  m_TagString: Untagged
  m_Icon: {fileID: 0}
  m_NavMeshLayer: 0
  m_StaticEditorFlags: 0
  m_IsActive: 1
--- !u!4 &1044915035
Transform:
  m_ObjectHideFlags: 0
  m_PrefabParentObject: {fileID: 400044, guid: 35957c42b06f5464dad63783019724fa, type: 2}
  m_PrefabInternal: {fileID: 0}
  m_GameObject: {fileID: 1044915034}
  m_LocalRotation: {x: 0, y: 0, z: 0, w: 1}
  m_LocalPosition: {x: 0, y: -1000, z: 0}
  m_LocalScale: {x: 1, y: 1, z: 1}
  m_Children:
  - {fileID: 117871416}
  m_Father: {fileID: 0}
--- !u!20 &1044915036
Camera:
  m_ObjectHideFlags: 0
  m_PrefabParentObject: {fileID: 2000004, guid: 35957c42b06f5464dad63783019724fa,
    type: 2}
  m_PrefabInternal: {fileID: 0}
  m_GameObject: {fileID: 1044915034}
  m_Enabled: 1
  serializedVersion: 2
  m_ClearFlags: 3
  m_BackGroundColor: {r: 0, g: 0, b: 0, a: .0199999996}
  m_NormalizedViewPortRect:
    serializedVersion: 2
    x: 0
    y: 0
    width: 1
    height: 1
  near clip plane: .300000012
  far clip plane: 10
  field of view: 60
  orthographic: 1
  orthographic size: 10
  m_Depth: 2
  m_CullingMask:
    serializedVersion: 2
    m_Bits: 131072
  m_RenderingPath: -1
  m_TargetTexture: {fileID: 0}
  m_HDR: 0
--- !u!114 &1044915037
MonoBehaviour:
  m_ObjectHideFlags: 0
  m_PrefabParentObject: {fileID: 0}
  m_PrefabInternal: {fileID: 0}
  m_GameObject: {fileID: 1044915034}
  m_Enabled: 1
  m_EditorHideFlags: 0
  m_Script: {fileID: 11500000, guid: 8aa3a80ab348346e599089e5be758fbb, type: 3}
  m_Name: 
--- !u!1 &1430760919
GameObject:
  m_ObjectHideFlags: 0
  m_PrefabParentObject: {fileID: 100038, guid: 35957c42b06f5464dad63783019724fa, type: 2}
  m_PrefabInternal: {fileID: 0}
  serializedVersion: 4
  m_Component:
  - 4: {fileID: 1430760920}
  - 33: {fileID: 1430760922}
  - 23: {fileID: 1430760921}
  m_Layer: 17
  m_Name: Plane_001
  m_TagString: Untagged
  m_Icon: {fileID: 0}
  m_NavMeshLayer: 0
  m_StaticEditorFlags: 0
  m_IsActive: 1
--- !u!4 &1430760920
Transform:
  m_ObjectHideFlags: 0
  m_PrefabParentObject: {fileID: 400038, guid: 35957c42b06f5464dad63783019724fa, type: 2}
  m_PrefabInternal: {fileID: 0}
  m_GameObject: {fileID: 1430760919}
  m_LocalRotation: {x: -.707106829, y: 0, z: 0, w: .707106829}
  m_LocalPosition: {x: -.00752252573, y: -5.42566061, z: -.01423408}
  m_LocalScale: {x: 1, y: 1, z: 1}
  m_Children: []
  m_Father: {fileID: 117871416}
--- !u!23 &1430760921
Renderer:
  m_ObjectHideFlags: 0
  m_PrefabParentObject: {fileID: 2300024, guid: 35957c42b06f5464dad63783019724fa,
    type: 2}
  m_PrefabInternal: {fileID: 0}
  m_GameObject: {fileID: 1430760919}
  m_Enabled: 0
  m_CastShadows: 0
  m_ReceiveShadows: 0
  m_LightmapIndex: 255
  m_LightmapTilingOffset: {x: 1, y: 1, z: 0, w: 0}
  m_Materials:
  - {fileID: 2100000, guid: e31d1ba67fbb28546bb72a50f6f88137, type: 2}
  m_SubsetIndices: 
  m_StaticBatchRoot: {fileID: 0}
  m_UseLightProbes: 0
  m_LightProbeAnchor: {fileID: 0}
  m_ScaleInLightmap: 1
--- !u!33 &1430760922
MeshFilter:
  m_ObjectHideFlags: 0
  m_PrefabParentObject: {fileID: 3300014, guid: 35957c42b06f5464dad63783019724fa,
    type: 2}
  m_PrefabInternal: {fileID: 0}
  m_GameObject: {fileID: 1430760919}
  m_Mesh: {fileID: 4300000, guid: 47a0691f30a8ed048a99d723303520dd, type: 3}
--- !u!1 &1630004979
GameObject:
  m_ObjectHideFlags: 0
  m_PrefabParentObject: {fileID: 100040, guid: 35957c42b06f5464dad63783019724fa, type: 2}
  m_PrefabInternal: {fileID: 0}
  serializedVersion: 4
  m_Component:
  - 4: {fileID: 1630004980}
  - 33: {fileID: 1630004982}
  - 23: {fileID: 1630004981}
  m_Layer: 17
  m_Name: Plane
  m_TagString: Untagged
  m_Icon: {fileID: 0}
  m_NavMeshLayer: 0
  m_StaticEditorFlags: 0
  m_IsActive: 1
--- !u!4 &1630004980
Transform:
  m_ObjectHideFlags: 0
  m_PrefabParentObject: {fileID: 400040, guid: 35957c42b06f5464dad63783019724fa, type: 2}
  m_PrefabInternal: {fileID: 0}
  m_GameObject: {fileID: 1630004979}
  m_LocalRotation: {x: -.707106829, y: 0, z: 0, w: .707106829}
  m_LocalPosition: {x: .0299999993, y: 0, z: 0}
  m_LocalScale: {x: 1.91999996, y: 1.91999996, z: 1.91999996}
  m_Children: []
  m_Father: {fileID: 117871416}
--- !u!23 &1630004981
Renderer:
  m_ObjectHideFlags: 0
  m_PrefabParentObject: {fileID: 2300026, guid: 35957c42b06f5464dad63783019724fa,
    type: 2}
  m_PrefabInternal: {fileID: 0}
  m_GameObject: {fileID: 1630004979}
  m_Enabled: 1
  m_CastShadows: 1
  m_ReceiveShadows: 1
  m_LightmapIndex: 255
  m_LightmapTilingOffset: {x: 1, y: 1, z: 0, w: 0}
  m_Materials:
  - {fileID: 2100000, guid: d9a058b9d4a527149967f134617ad28f, type: 2}
  m_SubsetIndices: 
  m_StaticBatchRoot: {fileID: 0}
  m_UseLightProbes: 0
  m_LightProbeAnchor: {fileID: 0}
  m_ScaleInLightmap: 1
--- !u!33 &1630004982
MeshFilter:
  m_ObjectHideFlags: 0
  m_PrefabParentObject: {fileID: 3300016, guid: 35957c42b06f5464dad63783019724fa,
    type: 2}
  m_PrefabInternal: {fileID: 0}
  m_GameObject: {fileID: 1630004979}
  m_Mesh: {fileID: 4300002, guid: 47a0691f30a8ed048a99d723303520dd, type: 3}
